<marc:record xmlns:marc="http://www.loc.gov/MARC21/slim" xmlns:xsi="http://www.w3.org/2001/XMLSchema-instance" xsi:schemaLocation="http://www.loc.gov/MARC21/slim http://www.loc.gov/standards/marcxml/schema/MARC21slim.xsd">
  <marc:leader>     nam a22002531  45M</marc:leader>
  <marc:controlfield tag="001">001682798</marc:controlfield>
  <marc:controlfield tag="003">NNU</marc:controlfield>
  <marc:controlfield tag="005">20001219003416.0</marc:controlfield>
  <marc:controlfield tag="008">890228m19559999sy       b    000 0 ara  </marc:controlfield>
  <marc:datafield tag="010" ind1=" " ind2=" ">
    <marc:subfield code="a">ne 68001865</marc:subfield>
  </marc:datafield>
  <marc:datafield tag="035" ind1="9" ind2=" ">
    <marc:subfield code="a">NYUb12226215</marc:subfield>
  </marc:datafield>
  <marc:datafield tag="035" ind1=" " ind2=" ">
    <marc:subfield code="a">(MiU)notisAFS5361</marc:subfield>
  </marc:datafield>
  <marc:datafield tag="035" ind1=" " ind2=" ">
    <marc:subfield code="a">(CStRLIN)MIUGAFS5361-B</marc:subfield>
  </marc:datafield>
  <marc:datafield tag="040" ind1=" " ind2=" ">
    <marc:subfield code="c">SAZTEC</marc:subfield>
    <marc:subfield code="d">CStRLIN</marc:subfield>
  </marc:datafield>
  <marc:datafield tag="100" ind1="1" ind2=" ">
    <marc:subfield code="a">Ṭarābulusī, Amjad.</marc:subfield>
  </marc:datafield>
  <marc:datafield tag="245" ind1="1" ind2="0">
    <marc:subfield code="a">Naẓrah tārīkhīyah fī ḥarakat al-taʼlīf ʻinda al-ʻArab,</marc:subfield>
    <marc:subfield code="b">fī al-lughat wa-al-Adab wa-al-Tārīkh wa-al-Jughrāfiyā /</marc:subfield>
    <marc:subfield code="c">Amjad al-Ṭarābulusī.</marc:subfield>
  </marc:datafield>
  <marc:datafield tag="260" ind1=" " ind2=" ">
    <marc:subfield code="a">[Damascus]</marc:subfield>
    <marc:subfield code="b">Maṭbaʻat al-Jāmiʻah al-Sūrīyah,</marc:subfield>
    <marc:subfield code="c">1955-.</marc:subfield>
  </marc:datafield>
  <marc:datafield tag="300" ind1=" " ind2=" ">
    <marc:subfield code="a">v.</marc:subfield>
    <marc:subfield code="c">25 cm.</marc:subfield>
  </marc:datafield>
  <marc:datafield tag="490" ind1="0" ind2=" ">
    <marc:subfield code="a">Durūs wa-muḥāḍarāt bi-kilīyat al-Ādāb;</marc:subfield>
    <marc:subfield code="v">His 2</marc:subfield>
  </marc:datafield>
  <marc:datafield tag="504" ind1=" " ind2=" ">
    <marc:subfield code="a">Bibliography: v. 1, p. [184]-[189]</marc:subfield>
  </marc:datafield>
  <marc:datafield tag="505" ind1="1" ind2=" ">
    <marc:subfield code="a">Juzʼ 1. al-Lughah wa-al-adab-</marc:subfield>
  </marc:datafield>
  <marc:datafield tag="650" ind1=" " ind2="0">
    <marc:subfield code="a">Arabic literature</marc:subfield>
    <marc:subfield code="x">History and criticism.</marc:subfield>
  </marc:datafield>
  <marc:datafield tag="950" ind1=" " ind2=" ">
    <marc:subfield code="l">BMAIN</marc:subfield>
    <marc:subfield code="a">PJ7510</marc:subfield>
    <marc:subfield code="b">.T35</marc:subfield>
  </marc:datafield>
  <marc:datafield tag="955" ind1=" " ind2=" ">
    <marc:subfield code="l">BMAIN</marc:subfield>
    <marc:subfield code="c">1:v.1</marc:subfield>
    <marc:subfield code="r">028835323</marc:subfield>
  </marc:datafield>
  <marc:datafield tag="998" ind1=" " ind2=" ">
    <marc:subfield code="s">9665</marc:subfield>
  </marc:datafield>
</marc:record>
